
@inproceedings{Bendale:CVPR:2016:towards,
  title={Towards open set deep networks},
  author={Bendale, Abhijit and Boult, Terrance E},
  booktitle={CVPR},
  year={2016}
}

@inproceedings{Bendale2015towards,
  title={Towards open world recognition},
  author={Bendale, Abhijit and Boult, Terrance E},
  booktitle={CVPR},
  year={2015}
}

@inproceedings{Chen:ECCV:2020:learning,
  title={Learning open set network with discriminative reciprocal points},
  author={Chen, Guangyao and Qiao, Limeng and Shi, Yemin and Peng, Peixi and Li, Jia and Huang, Tiejun and Pu, Shiliang and Tian, Yonghong},
  booktitle={ECCV},
  year={2020}
}

@inproceedings{Chen:ICML:2020:contrastive,
  title={A simple framework for contrastive learning of visual representations},
  author={Chen, Ting and Kornblith, Simon and Norouzi, Mohammad and Hinton, Geoffrey},
  booktitle={International conference on machine learning},
  year={2020}
}

@inproceedings{Deng:CVPR:2009:imagenet,
  title={{ImageNet}: A large-scale hierarchical image database},
  author={Deng, Jia and Dong, Wei and Socher, Richard and Li, Li-Jia and Li, Kai and Fei-Fei, Li},
  booktitle={CVPR},
  year={2009}
}


@inproceedings{He:CVPR:2016deep,
  title={Deep residual learning for image recognition},
  author={He, Kaiming and Zhang, Xiangyu and Ren, Shaoqing and Sun, Jian},
  booktitle={CVPR},
  year={2016}
}

@article{Falcon:github:2019:pytorch,
  title={PyTorch Lightning},
  author={Falcon, WA},
  journal={GitHub. Note: https://github.com/PyTorchLightning/pytorch-lightning},
  year={2019}
}

@book{Gelman:Book:2013:Bayesian,
  title={Bayesian data analysis},
  author={Gelman, Andrew and Stern, Hal S and Carlin, John B and Dunson, David B and Vehtari, Aki and Rubin, Donald B},
  year={2013},
  publisher={Chapman and Hall/CRC}
}

@inproceedings{Ge:BMVC:2017:generative,
  title={Generative OpenMax for multi-class open set classification},
  author={Ge, Zongyuan and Demyanov, Sergey and Chen, Zetao and Garnavi, Rahil},
  booktitle={BMVC},
  year={2017}
}

@article{Goodfellow:arxiv:2014:explaining,
  title={Explaining and harnessing adversarial examples},
  author={Goodfellow, Ian J and Shlens, Jonathon and Szegedy, Christian},
  journal={ICLR},
  year={2015}
}

@inproceedings{Goodfellow:NIPS:2014generative,
  title={Generative adversarial nets},
  author={Goodfellow, Ian and Pouget-Abadie, Jean and Mirza, Mehdi and Xu, Bing and Warde-Farley, David and Ozair, Sherjil and Courville, Aaron and Bengio, Yoshua},
  booktitle={NeurIPS},
  year={2014}
}

@article{Guo:ICCV:2021:conditional,
  title={Conditional Variational Capsule Network for Open Set Recognition},
  author={Guo, Yunrui and Camporese, Guglielmo and Yang, Wenjing and Sperduti, Alessandro and Ballan, Lamberto},
  journal={ICCV},
  year={2021}
}


@inproceedings{Huang:2017:densely,
  title={Densely Connected Convolutional Networks},
  author={Huang, Gao and Liu, Zhuang and van der Maaten, Laurens and Weinberger, Kilian Q },
  booktitle={CVPR},
  year={2017}
}

@inproceedings{Jain:ECCV:2014:multi,
  title={Multi-class open set recognition using probability of inclusion},
  author={Jain, Lalit P and Scheirer, Walter J and Boult, Terrance E},
  booktitle={ECCV},
  year={2014}
}

@article{Junior:ML:2017nearest,
  title={Nearest neighbors distance ratio open-set classifier},
  author={J{\'u}nior, Pedro R Mendes and De Souza, Roberto M and Werneck, Rafael de O and Stein, Bernardo V and Pazinato, Daniel V and de Almeida, Waldir R and Penatti, Ot{\'a}vio AB and Torres, Ricardo da S and Rocha, Anderson},
  journal={Machine Learning},
  year={2017}
}

@inproceedings{Krizhevsky:NIPS:2012:AlexNet,
  title={{ImageNet} classification with deep convolutional neural networks},
  author={Krizhevsky, Alex and Sutskever, Ilya and Hinton, Geoffrey E},
  booktitle={NeurIPS},
  year={2012}
}

@techreport{Krizhevsky:Citeseer:2009:Cifar,
  title={Learning multiple layers of features from tiny images},
  author={Krizhevsky, Alex},
   institution={University of Toronto},
  year={2009}
}

@inproceedings{Kolesnikov:CVOR:2019:revisiting,
  title={Revisiting self-supervised visual representation learning},
  author={Kolesnikov, Alexander and Zhai, Xiaohua and Beyer, Lucas},
  booktitle={CVPR},
  year={2019}
}


@inproceedings{Hadsell:CVPR:2006dimensionality,
  title={Dimensionality reduction by learning an invariant mapping},
  author={Hadsell, Raia and Chopra, Sumit and LeCun, Yann},
  booktitle={CVPR},
  year={2006}
}

@article{Hendrycks:ICLR:2016:baseline,
  title={A baseline for detecting misclassified and out-of-distribution examples in neural networks},
  author={Hendrycks, Dan and Gimpel, Kevin},
  journal={ICLR},
  year={2016}
}

@article{Hendrycks:ICLR:2019:deep,
  title={Deep anomaly detection with outlier exposure},
  author={Hendrycks, Dan and Mazeika, Mantas and Dietterich, Thomas},
  journal={ICLR},
  year={2019}
}


@inproceedings{Hsu:CVPR:2020:generalized,
  title={Generalized {ODIN}: Detecting out-of-distribution image without learning from out-of-distribution data},
  author={Hsu, Yen-Chang and Shen, Yilin and Jin, Hongxia and Kira, Zsolt},
  booktitle={CVPR},
  year={2020}
}

@article{Kingma:2014:AutoEncodingVB,
  title={Auto-Encoding Variational Bayes},
  author={Diederik P. Kingma and Max Welling},
  journal={ICLR},
  year={2014}
}

@article{Lake:Science:2015human,
  title={Human-level concept learning through probabilistic program induction},
  author={Lake, Brenden M and Salakhutdinov, Ruslan and Tenenbaum, Joshua B},
  journal={Science},
  year={2015},
}

@article{Lecun:Nature:2015:DL,
  title={Deep learning},
  author={LeCun, Yann and Bengio, Yoshua and Hinton, Geoffrey},
  journal={Nature},
  year={2015},
}

@article{Lecun:1998:mnist,
  title={The MNIST database of handwritten digits},
  author={LeCun, Yann},
  journal={http://yann. lecun. com/exdb/mnist/},
  year={1998}
}

@article{Lee:NIPS:2018:simple,
  title={A simple unified framework for detecting out-of-distribution samples and adversarial attacks},
  author={Lee, Kimin and Lee, Kibok and Lee, Honglak and Shin, Jinwoo},
  journal={NeurIPS},
  year={2018}
}

@inproceedings{Lee:ICLR:2018:training,
  title={Training Confidence-calibrated Classifiers for Detecting Out-of-Distribution Samples},
  author={Lee, Kimin and Lee, Honglak and Lee, Kibok and Shin, Jinwoo},
  booktitle={ICLR},
  year={2018}
}

@inproceedings{Liang:ICLR:2018:ODIN,
  title={Enhancing the reliability of out-of-distribution image detection in neural networks},
  author={Liang, Shiyu and Li, Yixuan and Srikant, Rayadurgam},
  booktitle={ICLR},
  year={2018}
}

@inproceedings{Liu:CVPR:2019:large,
  title={Large-scale long-tailed recognition in an open world},
  author={Liu, Ziwei and Miao, Zhongqi and Zhan, Xiaohang and Wang, Jiayun and Gong, Boqing and Yu, Stella X},
  booktitle={CVPR},
  year={2019}
}

@article{Liu:NIPS:2020:energy,
title={Energy-based Out-of-distribution Detection},
author={Liu, Weitang and Wang, Xiaoyun and Owens, John and Li, Yixuan},
journal={NeurIPS},
year={2020}
} 

@article{Masana:BMVC:2018:metric,
  title={Metric learning for novelty and anomaly detection},
  author={Masana, Marc and Ruiz, Idoia and Serrat, Joan and van de Weijer, Joost and Lopez, Antonio M},
  journal={BMVC},
  year={2018}
}

@inproceedings{Moosavi:CVPR:2017:universal,
  title={Universal adversarial perturbations},
  author={Moosavi-Dezfooli, Seyed-Mohsen and Fawzi, Alhussein and Fawzi, Omar and Frossard, Pascal},
  booktitle={CVPR},
  year={2017}
}

@misc{Musgrave:arxiv:2020pytorch,
    title={PyTorch Metric Learning},
    author={Kevin Musgrave and Serge Belongie and Ser-Nam Lim},
    archivePrefix={arXiv},
    year=2020
}

@inproceedings{Neal:ECCV:2018:open,
  title={Open set learning with counterfactual images},
  author={Neal, Lawrence and Olson, Matthew and Fern, Xiaoli and Wong, Weng-Keen and Li, Fuxin},
  booktitle={ECCV},
  year={2018}
}

@inproceedings{Nguyen:TPAMI:2015:deep,
  title={Deep neural networks are easily fooled: High confidence predictions for unrecognizable images},
  author={Nguyen, Anh and Yosinski, Jason and Clune, Jeff},
  booktitle={CVPR},
  year={2015}
}

@inproceedings{Oza:CVPR:2019:c2ae,
  title={{C2AE}: Class conditioned auto-encoder for open-set recognition},
  author={Oza, Poojan and Patel, Vishal M},
  booktitle={CVPR},
  year={2019}
}

@inproceedings{Paszke:NIPS:2019:Pytorch,
title = {PyTorch: An Imperative Style, High-Performance Deep Learning Library},
author = {Paszke, Adam and Gross, Sam and Massa, Francisco and Lerer, Adam and Bradbury, James and Chanan, Gregory and Killeen, Trevor and Lin, Zeming and Gimelshein, Natalia and Antiga, Luca and Desmaison, Alban and Kopf, Andreas and Yang, Edward and DeVito, Zachary and Raison, Martin and Tejani, Alykhan and Chilamkurthy, Sasank and Steiner, Benoit and Fang, Lu and Bai, Junjie and Chintala, Soumith},
booktitle = {NeurIPS},
year = {2019}
}

@inproceedings{Rasmus:NIPS:2015semi,
  title={Semi-supervised learning with ladder networks},
  author={Rasmus, Antti and Berglund, Mathias and Honkala, Mikko and Valpola, Harri and Raiko, Tapani},
  booktitle={NeurIPS},
  year={2015}
}

@article{Scheirer:TPAMI:2012:toward,
  title={Toward open set recognition},
  author={Scheirer, Walter J and de Rezende Rocha, Anderson and Sapkota, Archana and Boult, Terrance E},
  journal={TPAMI},
  year={2012}
}

@article{Scheirer:TPAMI2014:probability,
  title={Probability models for open set recognition},
  author={Scheirer, Walter J and Jain, Lalit P and Boult, Terrance E},
  journal={TPAMI},
  year={2014}
}


@article{Winkens:Arxiv:2020contrastive,
  title={Contrastive training for improved out-of-distribution detection},
  author={Winkens, Jim and Bunel, Rudy and Roy, Abhijit Guha and Stanforth, Robert and Natarajan, Vivek and Ledsam, Joseph R and MacWilliams, Patricia and Kohli, Pushmeet and Karthikesalingam, Alan and Kohl, Simon and others},
  journal={arXiv},
  year={2020}
}


@inproceedings{Perera:CVPR:2020generative,
  title={Generative-discriminative feature representations for open-set recognition},
  author={Perera, Pramuditha and Morariu, Vlad I and Jain, Rajiv and Manjunatha, Varun and Wigington, Curtis and Ordonez, Vicente and Patel, Vishal M},
  booktitle={CVPR},
  year={2020}
}


@inproceedings{Radosavovic:CVPR:2020:designing,
  title={Designing network design spaces},
  author={Radosavovic, Ilija and Kosaraju, Raj Prateek and Girshick, Ross and He, Kaiming and Doll{\'a}r, Piotr},
  booktitle={CVPR},
  year={2020}
}

@inproceedings{Sehwag:ICLR:2020:ssd,
  title={SSD: A Unified Framework for Self-Supervised Outlier Detection},
  author={Sehwag, Vikash and Chiang, Mung and Mittal, Prateek},
  booktitle={ICLR},
  year={2020}
}

@inproceedings{simonyan:ICLR:2015:VGG,
  author       = "Karen Simonyan and Andrew Zisserman",
  title        = "Very Deep Convolutional Networks for Large-Scale Image Recognition",
  booktitle    = "ICLR",
  year         = "2015",
}

@inproceedings{Shao:ECCV:2020:open,
  title={Open-set adversarial defense},
  author={Shao, Rui and Perera, Pramuditha and Yuen, Pong C and Patel, Vishal M},
  booktitle={ECCV},
  year={2020}
}

@inproceedings{Schroff:CVPR:2015:facenet,
  title={Facenet: A unified embedding for face recognition and clustering},
  author={Schroff, Florian and Kalenichenko, Dmitry and Philbin, James},
  booktitle={CVPR},
  year={2015}
}

@inproceedings{Shu:EMNLP:2017:doc,
  title={DOC: Deep Open Classification of Text Documents},
  author={Shu, Lei and Xu, Hu and Liu, Bing},
  booktitle={EMNLP},
  year={2017}
}

@inproceedings{Sun:CVPR:2020:conditional,
  title={Conditional gaussian distribution learning for open set recognition},
  author={Sun, Xin and Yang, Zhenning and Zhang, Chi and Ling, Keck-Voon and Peng, Guohao},
  booktitle={CVPR},
  year={2020}
}

@article{Sun:arXiv:2020:open,
  title={Open Set Recognition with Conditional Probabilistic Generative Models},
  author={Sun, Xin and Zhang, Chi and Lin, Guosheng and Ling, Keck-Voon},
  journal={arXiv},
  year={2020}
}

@inproceedings{Tack:NIPS:2020:csi,
  title={CSI: Novelty Detection via Contrastive Learning on Distributionally Shifted Instances},
  author={Jihoon Tack and Sangwoo Mo and Jongheon Jeong and Jinwoo Shin},
  booktitle={Advances in Neural Information Processing Systems},
  year={2020}
}

@article{Van:JMLR:2008:tsne,
  title={Visualizing data using t-SNE.},
  author={Van der Maaten, Laurens and Hinton, Geoffrey},
  journal={JMLR},
  year={2008}
}


@inproceedings{Yoshihashi:CVPR:2019:classification,
  title={Classification-reconstruction learning for open-set recognition},
  author={Yoshihashi, Ryota and Shao, Wen and Kawakami, Rei and You, Shaodi and Iida, Makoto and Naemura, Takeshi},
  booktitle={CVPR},
  year={2019}
}

@article{Yu:arxiv:2015:lsun,
  title={Lsun: Construction of a large-scale image dataset using deep learning with humans in the loop},
  author={Yu, Fisher and Seff, Ari and Zhang, Yinda and Song, Shuran and Funkhouser, Thomas and Xiao, Jianxiong},
  journal={arXiv},
  year={2015}
}

@inproceedings{Zaeemzadeh:CVPR:2021:out,
  title={Out-of-Distribution Detection Using Union of 1-Dimensional Subspaces},
  author={Zaeemzadeh, Alireza and Bisagno, Niccol{\`o} and Sambugaro, Zeno and Conci, Nicola and Rahnavard, Nazanin and Shah, Mubarak},
  booktitle={CVPR},
  year={2021}
}

@article{Zagoruyko:arxiv:2016:wide,
  title={Wide residual networks},
  author={Zagoruyko, Sergey and Komodakis, Nikos},
  journal={arXiv},
  year={2016}
}

@article{Zhang:TPAMI:2016sparse,
  title={Sparse representation-based open set recognition},
  author={Zhang, He and Patel, Vishal M},
  journal={TPAMI},
  year={2016}
}

@inproceedings{Zhang:AAAI:2019:learning,
  title={Learning incremental triplet margin for person re-identification},
  author={Zhang, Yingying and Zhong, Qiaoyong and Ma, Liang and Xie, Di and Pu, Shiliang},
  booktitle={AAAI},
  year={2019}
}

@inproceedings{Zhang:ECCV:2020:hybrid,
  title={Hybrid models for open set recognition},
  author={Zhang, Hongjie and Li, Ang and Guo, Jie and Guo, Yanwen},
  booktitle={ECCV},
  year={2020},
}


@article{vadera2020ursabench,
  title={Ursabench: Comprehensive benchmarking of approximate {B}ayesian inference methods for deep neural networks},
  author={Vadera, Meet P and Cobb, Adam D and Jalaian, Brian and Marlin, Benjamin M},
  journal={arXiv preprint arXiv:2007.04466},
  year={2020}
}

@inproceedings{malinin2019ensemble,
  title={Ensemble distribution distillation},
  author={Malinin, Andrey and Mlodozeniec, Bruno and Gales, Mark},
 booktitle={ICLR},
  year={2019}
}
@inproceedings{vadera2020generalized,
  title={Generalized {B}ayesian posterior expectation distillation for deep neural networks},
  author={Vadera, Meet and Jalaian, Brian and Marlin, Benjamin},
  booktitle={UAI},
  year={2020},
  organization={PMLR}
}
@inproceedings{depeweg2018decomposition,
  title={Decomposition of uncertainty in Bayesian deep learning for efficient and risk-sensitive learning},
  author={Depeweg, Stefan and Hernandez-Lobato, Jose-Miguel and Doshi-Velez, Finale and Udluft, Steffen},
  booktitle={ICML},
  year={2018},
  organization={PMLR}
}